
@MISC{Wikipedia2013,
  author = {Wikipedia},
  title = {Persistence of Vision},
  year = {2013},
  owner = {Wikipedia},
  timestamp = {2013.11.17},
  url = {http://en.wikipedia.org/wiki/persistence\_of\_vision},
  urlaccessdate = {17 de novembro de 2013}
}

@MISC{Anderson1993,
  author = {Joseph Anderson},
  title = {The Myth of Persistence of Vision Revisited},
  year = {1993},
  owner = {Joseph and Barbara Anderson},
  timestamp = {2013.11.17},
  url = {http://academic.evergreen.edu/curricular/emergingorder/seminar/week\_1\_anderson.pdf},
  urlaccessdate = {17 de novembro de 2013}
}

@BOOK{Kaufman1974,
  title = {Sight and Mind: An Introduction to Visual Perception},
  publisher = {NY: Oxford University Press},
  year = {1974},
  author = {Kaufman, Lloyd},
  address = {368},
  owner = {Lloyd Kaufman},
  timestamp = {2014.02.01}
}

@MISC{Blick2002,
  author = {Bob Blick},
  title = {"Propeller Clock" Mechanically Scanned LED Clock},
  year = {2002},
  owner = {Bob Blick},
  timestamp = {2013.11.17},
  url = {http://bobblick.com/techref/projects/propclock/propclock.html},
  urlaccessdate = {17 de novembro de 2013}
}

@MISC{Arduino2014,
  author = {Arduino},
  title = {Arduino Core functions and Libraries},
  year = {2014},
  owner = {Arduino},
  timestamp = {2014.01.02},
  url = {http://en.wikipedia.org/wiki/persistence\_of\_vision},
  urlaccessdate = {02 de janeiro de 2014}
}

@MISC{ArduinoRef2014,
  author = {Arduino},
  title = {Arduino Reference},
  year = {2014},
  owner = {Arduino},
  timestamp = {2014.01.02},
  url = {http://arduino.cc/en/Reference/HomePage},
  urlaccessdate = {02 de janeiro de 2014}
}

@MISC{Arduino_attachInterrupt(),
  author = {Arduino},
  title = {Arduino Reference},
  year = {2014},
  owner = {Arduino},
  timestamp = {2014.01.02},
  url = {http://arduino.cc/en/Reference/attachInterrupt},
  urlaccessdate = {02 de janeiro de 2014}
}

@MISC{RoboLivre2014,
  author = {RoboLivre},
  title = {Sensor de Infravermelho},
  year = {2014},
  owner = {RoboLivre},
  timestamp = {2014.01.02},
  url = {http://robolivre.org/conteudo/sensor-de-infravermelho},
  urlaccessdate = {02 de janeiro de 2014}
}
